@book{krogh2009,
  author = {Krogh, Peter},
  title = {The DAM book: Digital asset management for photographers},
  edition = {2nd},
  publisher = {O'Reilly},
  address = {Sebastopol, California},
  year = {2009}
}

@book{mccain2021,
  author = {McCain, Edward and Mara, Neil and Van Malssen, Kara and Carner, Dorothy and Reilly, Bernard and Willette, Kerri and Schiefer, Sandy and Askins, Joe and Buchanan, Sarah A.},
  title = {Endangered but not too late: The state of digital news preservation},
  year = {2021},
  publisher = {Donald W. Reynolds Journalism Institute, University of Missouri--Columbia Libraries},
  url = {https://hdl.handle.net/10355/80931},
  doi = {10.32469/10355/80931},
  note = {OpenAccess. Licensed under CC BY 4.0}
}

@article{LOVE2019102930,
title = {The ‘how’ of benefits management for digital technology: From engineering to asset management},
journal = {Automation in Construction},
volume = {107},
pages = {102930},
year = {2019},
issn = {0926-5805},
doi = {https://doi.org/10.1016/j.autcon.2019.102930},
url = {https://www.sciencedirect.com/science/article/pii/S0926580519304297},
author = {Peter E.D. Love and Jane Matthews},
}





@article{author2025,
  author = {Författare, A.},
  title = {Artikelns titel},
  journal = {Journalnamn},
  year = {2025},
  volume = {10},
  number = {2},
  pages = {123-135}
}

@book{example2025,
  author = {Exempelförfattare, B.},
  title = {Exempelbokens Titel},
  publisher = {Förlag AB},
  year = {2025}
}
