@article{author2025,
  author = {Författare, A.},
  title = {Artikelns titel},
  journal = {Journalnamn},
  year = {2025},
  volume = {10},
  number = {2},
  pages = {123-135}
}

@book{example2025,
  author = {Exempelförfattare, B.},
  title = {Exempelbokens Titel},
  publisher = {Förlag AB},
  year = {2025}
}
