@article{teng2022,
  author = {Teng, Xiaoyan and Wu, Zhong and Yang, Feng},
  title = {Impact of the Digital Transformation of Small- and Medium-Sized Listed Companies on Performance: Based on a Cost-Benefit Analysis Framework},
  journal = {Journal of Mathematics},
  year = {2022},
  volume = {2022},
  pages = {1-15},
  doi = {10.1155/2022/1504499}
}

@techreport{tillvaxtverket2021,
  author = {Tillväxtverket},
  title = {Små och medelstora företags digitalisering - vad har betydelse?},
  institution = {Tillväxtverket},
  year = {2021},
  number = {0366},
  isbn = {978-91-89255-10-4},
  url = {https://tillvaxtverket.se/tillvaxtverket/publikationer/publikationer2021/smaochmedelstoraforetagsdigitalisering.1422.html},
  note = {Accessed: 2025-02-15}
}

@article{Chumphong2020,
  author = {Chumphong, Orisa and Srimai, Suwit and Potipiroon, Wisanupong},
  title = {The Resource-Based View, Dynamic Capabilities and SME Performance for SMEs to Become Smart Enterprises},
  journal = {ABAC ODI Journal Vision. Action. Outcome.},
  volume = {7},
  number = {2},
  pages = {129--146},
  year = {2020},
  url = {http://www.assumptionjournal.au.edu/index.php/odijournal/article/view/4567}
}

@article{Mladenova2024,
  author    = {Irena Mladenova},
  title     = {SMEs in a Digital Era: The Role of Management},
  journal   = {Administrative Sciences},
  volume    = {14},
  number    = {11},
  pages     = {296},
  year      = {2024},
  doi       = {10.3390/admsci14110296},
  url       = {https://doi.org/10.3390/admsci14110296},
  publisher = {MDPI}
}

@book{Simons1995,
  author = {Simons, Robert},
  title = {Levers of Control: How Managers Use Innovative Control Systems to Drive Strategic Renewal},
  publisher = {Harvard Business School Press},
  year = {1995}
}

@article{Civelek2023,
  author    = {Mehmet Civelek and Vladim{\'i}r Kraj{\v{c}}{\'i}k and Aleksandr Klju{\v{c}}nikov},
  title     = {The impacts of dynamic capabilities on SMEs' digital transformation process: The resource-based view perspective},
  journal   = {Oeconomia Copernicana},
  volume    = {14},
  number    = {4},
  pages     = {1367--1392},
  year      = {2023},
  doi       = {10.24136/oc.2023.019},
  url       = {https://doi.org/10.24136/oc.2023.019},
  keywords  = {digital transformation, digital literacy, cyber-security, dynamic capabilities, Resource-Based View, SMEs},
  publisher = {Institute of Economic Research, Poland}
}

@book{oecd2018oslo,
  author    = {OECD and Eurostat},
  title     = {Oslo Manual 2018: Guidelines for Collecting, Reporting and Using Data on Innovation},
  year      = {2018},
  publisher = {OECD Publishing},
  address   = {Paris},
  doi       = {10.1787/9789264304604-en},
  url       = {https://doi.org/10.1787/9789264304604-en}
}

@article{barney1991,
  author = {Barney, Jay},
  title = {Firm Resources and Sustained Competitive Advantage},
  journal = {Journal of Management},
  volume = {17},
  number = {1},
  pages = {99-120},
  year = {1991},
  publisher = {SAGE},
  doi = {10.1177/014920639101700108}
}

@article{wernerfelt1984,
  author = {Wernerfelt, Birger},
  title = {A Resource-Based View of the Firm},
  journal = {Strategic Management Journal},
  volume = {5},
  number = {2},
  pages = {171-180},
  year = {1984},
  publisher = {Wiley},
  doi = {10.1002/smj.4250050207}
}

@article{teece1997,
  author = {Teece, David J. and Pisano, Gary and Shuen, Amy},
  title = {Dynamic Capabilities and Strategic Management},
  journal = {Strategic Management Journal},
  volume = {18},
  number = {7},
  pages = {509-533},
  year = {1997},
  publisher = {Wiley},
  doi = {10.1002/smj.4250180702}
}

@article{eisenhardt2000,
  author = {Eisenhardt, Kathleen M. and Martin, Jeffrey A.},
  title = {Dynamic Capabilities: What Are They?},
  journal = {Strategic Management Journal},
  volume = {21},
  number = {10-11},
  pages = {1105-1121},
  year = {2000},
  publisher = {Wiley},
  doi = {10.1002/1097-0266(200010/11)21:10/11<1105::AID-SMJ133>3.0.CO;2-E}
}

